 @inproceedings{DBLP:conf/coordination/DominiAEV24,
  author       = {Davide Domini and
                  Gianluca Aguzzi and
                  Lukas Esterle and
                  Mirko Viroli},
  editor       = {Ilaria Castellani and
                  Francesco Tiezzi},
  title        = {Field-Based Coordination for Federated Learning},
  booktitle    = {Coordination Models and Languages - 26th {IFIP} {WG} 6.1 International
                  Conference, {COORDINATION} 2024, Held as Part of the 19th International
                  Federated Conference on Distributed Computing Techniques, DisCoTec
                  2024, Groningen, The Netherlands, June 17-21, 2024, Proceedings},
  series       = {Lecture Notes in Computer Science},
  volume       = {14676},
  pages        = {56--74},
  publisher    = {Springer},
  year         = {2024},
  url          = {https://doi.org/10.1007/978-3-031-62697-5\_4},
  doi          = {10.1007/978-3-031-62697-5\_4},
  timestamp    = {Wed, 19 Jun 2024 22:24:12 +0200},
  biburl       = {https://dblp.org/rec/conf/coordination/DominiAEV24.bib},
  bibsource    = {dblp computer science bibliography, https://dblp.org}
}

@inproceedings{DBLP:conf/acsos/DominiFAVE24,
author       = {Davide Domini and
                  Nicolas Farabegoli and
                  Gianluca Aguzzi and
                  Mirko Viroli and
                  Lukas Esterle},
title        = {Proximity-based Self-Federated Learning},
booktitle    = {{IEEE} International Conference on Autonomic Computing and Self-Organizing
                  Systems, {ACSOS} 2024, Aarhus, Denmark, September 16-20 2024},
publisher    = {{IEEE}},
year         = {2024},
url          = {to appear},
doi          = {to appear},
biburl       = {to appear},
bibsource    = {dblp computer science bibliography, https://dblp.org}
}

@inproceedings{DBLP:conf/acsos/Domini24,
author       = {Davide Domini},
title        = {Towards Self-Adaptive Cooperative Learning in Collective Systems},
booktitle    = {{IEEE} International Conference on Autonomic Computing and Self-Organizing
                  Systems, {ACSOS} 2024, Aarhus, Denmark, September 16-20 2024},
publisher    = {{IEEE}},
year         = {2024},
url          = {to appear},
doi          = {to appear},
biburl       = {to appear},
bibsource    = {dblp computer science bibliography, https://dblp.org}
}

@inproceedings{DBLP:conf/dsrt/DominiAPV24,
author       = {Davide Domini and
                Gianluca Aguzzi and
                Danilo Pianini and
                Mirko Viroli},
title        = {A Reusable Simulation Pipeline for Many-Agent Reinforcement Learning},
booktitle    = {{IEEE} 28th International Symposium on Distributed Simulation and Real Time Applications (DS-RT 2024), Urbino, Italy, October 7-9 2024},
publisher    = {{IEEE}},
year         = {2024},
url          = {to appear},
doi          = {to appear},
biburl       = {to appear},
bibsource    = {dblp computer science bibliography, https://dblp.org}
}

@inproceedings{DBLP:conf/coordination/DominiCAV23,
  author       = {Davide Domini and
                  Filippo Cavallari and
                  Gianluca Aguzzi and
                  Mirko Viroli},
  editor       = {Sung{-}Shik Jongmans and
                  Ant{\'{o}}nia Lopes},
  title        = {ScaRLib: {A} Framework for Cooperative Many Agent Deep Reinforcement
                  Learning in Scala},
  booktitle    = {Coordination Models and Languages - 25th {IFIP} {WG} 6.1 International
                  Conference, {COORDINATION} 2023, Held as Part of the 18th International
                  Federated Conference on Distributed Computing Techniques, DisCoTec
                  2023, Lisbon, Portugal, June 19-23, 2023, Proceedings},
  series       = {Lecture Notes in Computer Science},
  volume       = {13908},
  pages        = {52--70},
  publisher    = {Springer},
  year         = {2023},
  url          = {https://doi.org/10.1007/978-3-031-35361-1\_3},
  doi          = {10.1007/978-3-031-35361-1\_3},
  timestamp    = {Fri, 07 Jul 2023 23:30:43 +0200},
  biburl       = {https://dblp.org/rec/conf/coordination/DominiCAV23.bib},
  bibsource    = {dblp computer science bibliography, https://dblp.org}
}

@article{DBLP:journals/scp/DominiCAV24,
  author       = {Davide Domini and
                  Filippo Cavallari and
                  Gianluca Aguzzi and
                  Mirko Viroli},
  title        = {ScaRLib: Towards a hybrid toolchain for aggregate computing and many-agent reinforcement learning},
  journal      = {Sci. Comput. Program.},
  volume = {238},
  pages = {103176},
  year         = {2024},
  doi = {https://doi.org/10.1016/j.scico.2024.103176},
  url = {https://www.sciencedirect.com/science/article/pii/S0167642324000996},
  keywords = {Cyber-physical swarms, Macroprogramming, Reinforcement learning},
  bibsource    = {dblp computer science bibliography, https://dblp.org}
}

@inproceedings{DBLP:conf/woa/DominiFAV24,
  author       = {Davide Domini and
                  Nicolas Farabegoli and
                  Gianluca Aguzzi and
                  Mirko Viroli},
  editor       = {Marco Alderighi and
                  Matteo Baldoni and
                  Cristina Baroglio and
                  Roberto Micalizio and
                  Stefano Tedeschi},
  title        = {Towards Intelligent Pulverized Systems: a Modern Approach for Edge-Cloud
                  Services},
  booktitle    = {Proceedings of the 25th Workshop "From Objects to Agents", Bard (Aosta),
                  Italy, July 8-10, 2024},
  series       = {{CEUR} Workshop Proceedings},
  volume       = {3735},
  pages        = {233--251},
  publisher    = {CEUR-WS.org},
  year         = {2024},
  url          = {https://ceur-ws.org/Vol-3735/paper\_19.pdf},
  timestamp    = {Fri, 26 Jul 2024 22:35:03 +0200},
  biburl       = {https://dblp.org/rec/conf/woa/DominiFAV24.bib},
  bibsource    = {dblp computer science bibliography, https://dblp.org}
}

@article{DBLP:journals/computer/Abowd16,
  author       = {Gregory D. Abowd},
  title        = {Beyond Weiser: From Ubiquitous to Collective Computing},
  journal      = {Computer},
  volume       = {49},
  number       = {1},
  pages        = {17--23},
  year         = {2016},
  url          = {https://doi.org/10.1109/MC.2016.22},
  doi          = {10.1109/MC.2016.22},
  timestamp    = {Wed, 12 Aug 2020 10:32:21 +0200},
  biburl       = {https://dblp.org/rec/journals/computer/Abowd16.bib},
  bibsource    = {dblp computer science bibliography, https://dblp.org}
}

@article{DBLP:journals/computer/BealPV15,
  author       = {Jacob Beal and
                  Danilo Pianini and
                  Mirko Viroli},
  title        = {Aggregate Programming for the Internet of Things},
  journal      = {Computer},
  volume       = {48},
  number       = {9},
  pages        = {22--30},
  year         = {2015},
  url          = {https://doi.org/10.1109/MC.2015.261},
  doi          = {10.1109/MC.2015.261},
  timestamp    = {Wed, 12 Aug 2020 10:31:37 +0200},
  biburl       = {https://dblp.org/rec/journals/computer/BealPV15.bib},
  bibsource    = {dblp computer science bibliography, https://dblp.org}
}

@article{DBLP:journals/tocl/AudritoVDPB19,
  author       = {Giorgio Audrito and
                  Mirko Viroli and
                  Ferruccio Damiani and
                  Danilo Pianini and
                  Jacob Beal},
  title        = {A Higher-Order Calculus of Computational Fields},
  journal      = {{ACM} Trans. Comput. Log.},
  volume       = {20},
  number       = {1},
  pages        = {5:1--5:55},
  year         = {2019},
  url          = {https://doi.org/10.1145/3285956},
  doi          = {10.1145/3285956},
  timestamp    = {Sat, 08 Jan 2022 02:24:07 +0100},
  biburl       = {https://dblp.org/rec/journals/tocl/AudritoVDPB19.bib},
  bibsource    = {dblp computer science bibliography, https://dblp.org}
}

@inproceedings{DBLP:conf/aistats/McMahanMRHA17,
  author       = {Brendan McMahan and
                  Eider Moore and
                  Daniel Ramage and
                  Seth Hampson and
                  Blaise Ag{\"{u}}era y Arcas},
  title        = {Communication-Efficient Learning of Deep Networks from Decentralized
                  Data},
  booktitle    = {Proceedings of the International Conference on Artificial Intelligence
                  and Statistics},
  series       = {Proceedings of Machine Learning Research},
  volume       = {54},
  pages        = {1273--1282},
  publisher    = {{PMLR}},
  year         = {2017},
  url          = {http://proceedings.mlr.press/v54/mcmahan17a.html},
  timestamp    = {Wed, 29 May 2019 08:41:44 +0200},
  biburl       = {https://dblp.org/rec/conf/aistats/McMahanMRHA17.bib},
  bibsource    = {dblp computer science bibliography, https://dblp.org}
}

@article{DBLP:journals/softx/CasadeiVAP22,
  author       = {Roberto Casadei and
                  Mirko Viroli and
                  Gianluca Aguzzi and
                  Danilo Pianini},
  title        = {ScaFi: {A} Scala {DSL} and Toolkit for Aggregate Programming},
  journal      = {SoftwareX},
  volume       = {20},
  pages        = {101248},
  year         = {2022},
  url          = {https://doi.org/10.1016/j.softx.2022.101248},
  doi          = {10.1016/J.SOFTX.2022.101248},
  timestamp    = {Fri, 10 Feb 2023 23:34:31 +0100},
  biburl       = {https://dblp.org/rec/journals/softx/CasadeiVAP22.bib},
  bibsource    = {dblp computer science bibliography, https://dblp.org}
}

@article{DBLP:journals/jos/PianiniMV13,
  author       = {Danilo Pianini and
                  Sara Montagna and
                  Mirko Viroli},
  title        = {Chemical-oriented simulation of computational systems with {ALCHEMIST}},
  journal      = {J. Simulation},
  volume       = {7},
  number       = {3},
  pages        = {202--215},
  year         = {2013},
  url          = {https://doi.org/10.1057/jos.2012.27},
  doi          = {10.1057/JOS.2012.27},
  timestamp    = {Fri, 30 Nov 2018 13:25:08 +0100},
  biburl       = {https://dblp.org/rec/journals/jos/PianiniMV13.bib},
  bibsource    = {dblp computer science bibliography, https://dblp.org}
}

@article{DBLP:journals/lmcs/CasadeiMPVZ23,
  author       = {Roberto Casadei and
                  Stefano Mariani and
                  Danilo Pianini and
                  Mirko Viroli and
                  Franco Zambonelli},
  title        = {Space-Fluid Adaptive Sampling by Self-Organisation},
  journal      = {Log. Methods Comput. Sci.},
  volume       = {19},
  number       = {4},
  year         = {2023},
  url          = {https://doi.org/10.46298/lmcs-19(4:29)2023},
  doi          = {10.46298/LMCS-19(4:29)2023},
  timestamp    = {Tue, 23 Jan 2024 09:45:23 +0100},
  biburl       = {https://dblp.org/rec/journals/lmcs/CasadeiMPVZ23.bib},
  bibsource    = {dblp computer science bibliography, https://dblp.org}
}

@article{DBLP:journals/fgcs/QiCGIFP24,
  author       = {Pian Qi and
                  Diletta Chiaro and
                  Antonella Guzzo and
                  Michele Ianni and
                  Giancarlo Fortino and
                  Francesco Piccialli},
  title        = {Model aggregation techniques in federated learning: {A} comprehensive
                  survey},
  journal      = {Future Gener. Comput. Syst.},
  volume       = {150},
  pages        = {272--293},
  year         = {2024},
  url          = {https://doi.org/10.1016/j.future.2023.09.008},
  doi          = {10.1016/J.FUTURE.2023.09.008},
  timestamp    = {Thu, 09 Nov 2023 21:13:41 +0100},
  biburl       = {https://dblp.org/rec/journals/fgcs/QiCGIFP24.bib},
  bibsource    = {dblp computer science bibliography, https://dblp.org}
}

@article{DBLP:journals/csur/Casadei23,
  author       = {Roberto Casadei},
  title        = {Macroprogramming: Concepts, State of the Art, and Opportunities of
                  Macroscopic Behaviour Modelling},
  journal      = {{ACM} Comput. Surv.},
  volume       = {55},
  number       = {13s},
  pages        = {275:1--275:37},
  year         = {2023},
  url          = {https://doi.org/10.1145/3579353},
  doi          = {10.1145/3579353},
  timestamp    = {Wed, 24 Jan 2024 17:49:04 +0100},
  biburl       = {https://dblp.org/rec/journals/csur/Casadei23.bib},
  bibsource    = {dblp computer science bibliography, https://dblp.org}
}

@inproceedings{DBLP:conf/forte/AudritoVDPB19,
  author       = {Giorgio Audrito and
                  Mirko Viroli and
                  Ferruccio Damiani and
                  Danilo Pianini and
                  Jacob Beal},
  editor       = {Jorge A. P{\'{e}}rez and
                  Nobuko Yoshida},
  title        = {On a Higher-Order Calculus of Computational Fields},
  booktitle    = {Formal Techniques for Distributed Objects, Components, and Systems
                  - 39th {IFIP} {WG} 6.1 International Conference, {FORTE} 2019, Held
                  as Part of the 14th International Federated Conference on Distributed
                  Computing Techniques, DisCoTec 2019, Kongens Lyngby, Denmark, June
                  17-21, 2019, Proceedings},
  series       = {Lecture Notes in Computer Science},
  volume       = {11535},
  pages        = {289--292},
  publisher    = {Springer},
  year         = {2019},
  url          = {https://doi.org/10.1007/978-3-030-21759-4\_17},
  doi          = {10.1007/978-3-030-21759-4\_17},
  timestamp    = {Wed, 02 Dec 2020 13:20:40 +0100},
  biburl       = {https://dblp.org/rec/conf/forte/AudritoVDPB19.bib},
  bibsource    = {dblp computer science bibliography, https://dblp.org}
}

@inproceedings{DBLP:conf/coordination/ViroliD14,
  author       = {Mirko Viroli and
                  Ferruccio Damiani},
  editor       = {Eva K{\"{u}}hn and
                  Rosario Pugliese},
  title        = {A Calculus of Self-stabilising Computational Fields},
  booktitle    = {Coordination Models and Languages - 16th {IFIP} {WG} 6.1 International
                  Conference, {COORDINATION} 2014},
  series       = {Lecture Notes in Computer Science},
  volume       = {8459},
  pages        = {163--178},
  publisher    = {Springer},
  year         = {2014},
  url          = {https://doi.org/10.1007/978-3-662-43376-8\_11},
  doi          = {10.1007/978-3-662-43376-8\_11},
  timestamp    = {Tue, 15 Nov 2022 15:22:35 +0100},
  biburl       = {https://dblp.org/rec/conf/coordination/ViroliD14.bib},
  bibsource    = {dblp computer science bibliography, https://dblp.org}
}

@inproceedings{DBLP:conf/coordination/AudritoBDV18,
  author       = {Giorgio Audrito and
                  Jacob Beal and
                  Ferruccio Damiani and
                  Mirko Viroli},
  editor       = {Giovanna Di Marzo Serugendo and
                  Michele Loreti},
  title        = {Space-Time Universality of Field Calculus},
  booktitle    = {Coordination Models and Languages - 20th {IFIP} {WG} 6.1 International
                  Conference, {COORDINATION} 2018},
  series       = {Lecture Notes in Computer Science},
  publisher    = {Springer},
  url          = {https://doi.org/10.1007/978-3-319-92408-3\_1},
  doi          = {10.1007/978-3-319-92408-3\_1},
  timestamp    = {Tue, 14 May 2019 10:00:42 +0200},
  biburl       = {https://dblp.org/rec/conf/coordination/AudritoBDV18.bib},
  bibsource    = {dblp computer science bibliography, https://dblp.org}
}

@article{DBLP:journals/taas/BealVPD17,
  author       = {Jacob Beal and
                  Mirko Viroli and
                  Danilo Pianini and
                  Ferruccio Damiani},
  title        = {Self-Adaptation to Device Distribution in the Internet of Things},
  journal      = {{ACM} Trans. Auton. Adapt. Syst.},
  volume       = {12},
  number       = {3},
  pages        = {12:1--12:29},
  year         = {2017},
  url          = {https://doi.org/10.1145/3105758},
  doi          = {10.1145/3105758},
  timestamp    = {Tue, 24 Mar 2020 16:17:19 +0100},
  biburl       = {https://dblp.org/rec/journals/taas/BealVPD17.bib},
  bibsource    = {dblp computer science bibliography, https://dblp.org}
}

@inproceedings{DBLP:conf/coordination/CasadeiPVN19,
  author       = {Roberto Casadei and
                  Danilo Pianini and
                  Mirko Viroli and
                  Antonio Natali},
  editor       = {Hanne Riis Nielson and
                  Emilio Tuosto},
  title        = {Self-organising Coordination Regions: {A} Pattern for Edge Computing},
  booktitle    = {Coordination Models and Languages - 21st {IFIP} {WG} 6.1 International
                  Conference, {COORDINATION} 2019, Held as Part of the 14th International
                  Federated Conference on Distributed Computing Techniques, DisCoTec
                  2019, Kongens Lyngby, Denmark, June 17-21, 2019, Proceedings},
  series       = {Lecture Notes in Computer Science},
  volume       = {11533},
  pages        = {182--199},
  publisher    = {Springer},
  year         = {2019},
  url          = {https://doi.org/10.1007/978-3-030-22397-7\_11},
  doi          = {10.1007/978-3-030-22397-7\_11},
  timestamp    = {Fri, 27 Dec 2019 21:20:22 +0100},
  biburl       = {https://dblp.org/rec/conf/coordination/CasadeiPVN19.bib},
  bibsource    = {dblp computer science bibliography, https://dblp.org}
}

@inproceedings{DBLP:conf/coordination/AguzziCV22,
  author       = {Gianluca Aguzzi and
                  Roberto Casadei and
                  Mirko Viroli},
  editor       = {Maurice H. ter Beek and
                  Marjan Sirjani},
  title        = {Towards Reinforcement Learning-based Aggregate Computing},
  booktitle    = {Coordination Models and Languages - 24th {IFIP} {WG} 6.1 International
                  Conference, {COORDINATION} 2022, Held as Part of the 17th International
                  Federated Conference on Distributed Computing Techniques, DisCoTec
                  2022, Lucca, Italy, June 13-17, 2022, Proceedings},
  series       = {Lecture Notes in Computer Science},
  volume       = {13271},
  pages        = {72--91},
  publisher    = {Springer},
  year         = {2022},
  url          = {https://doi.org/10.1007/978-3-031-08143-9\_5},
  doi          = {10.1007/978-3-031-08143-9\_5},
  timestamp    = {Thu, 23 Jun 2022 19:55:38 +0200},
  biburl       = {https://dblp.org/rec/conf/coordination/AguzziCV22.bib},
  bibsource    = {dblp computer science bibliography, https://dblp.org}
}

@inproceedings{DBLP:conf/acsos/AguzziVE23,
  author       = {Gianluca Aguzzi and
                  Mirko Viroli and
                  Lukas Esterle},
  title        = {Field-informed Reinforcement Learning of Collective Tasks with Graph
                  Neural Networks},
  booktitle    = {{IEEE} International Conference on Autonomic Computing and Self-Organizing
                  Systems, {ACSOS} 2023, Toronto, ON, Canada, September 25-29, 2023},
  pages        = {37--46},
  publisher    = {{IEEE}},
  year         = {2023},
  url          = {https://doi.org/10.1109/ACSOS58161.2023.00021},
  doi          = {10.1109/ACSOS58161.2023.00021},
  timestamp    = {Wed, 13 Dec 2023 14:38:49 +0100},
  biburl       = {https://dblp.org/rec/conf/acsos/AguzziVE23.bib},
  bibsource    = {dblp computer science bibliography, https://dblp.org}
}


@inproceedings{DBLP:conf/mir/YangLHSL024,
  author       = {Yuwen Yang and
                  Yuxiang Lu and
                  Suizhi Huang and
                  Shalayiding Sirejiding and
                  Hongtao Lu and
                  Yue Ding},
  editor       = {Cathal Gurrin and
                  Rachada Kongkachandra and
                  Klaus Schoeffmann and
                  Duc{-}Tien Dang{-}Nguyen and
                  Luca Rossetto and
                  Shin'ichi Satoh and
                  Liting Zhou},
  title        = {Federated Multi-Task Learning on Non-IID Data Silos: An Experimental
                  Study},
  booktitle    = {Proceedings of the 2024 International Conference on Multimedia Retrieval,
                  {ICMR} 2024, Phuket, Thailand, June 10-14, 2024},
  pages        = {684--693},
  publisher    = {{ACM}},
  year         = {2024},
  url          = {https://doi.org/10.1145/3652583.3657999},
  doi          = {10.1145/3652583.3657999},
  timestamp    = {Tue, 18 Jun 2024 09:24:14 +0200},
  biburl       = {https://dblp.org/rec/conf/mir/YangLHSL024.bib},
  bibsource    = {dblp computer science bibliography, https://dblp.org}
}

@article{DBLP:journals/tit/GhoshCYR22,
  author       = {Avishek Ghosh and
                  Jichan Chung and
                  Dong Yin and
                  Kannan Ramchandran},
  title        = {An Efficient Framework for Clustered Federated Learning},
  journal      = {{IEEE} Trans. Inf. Theory},
  volume       = {68},
  number       = {12},
  pages        = {8076--8091},
  year         = {2022},
  url          = {https://doi.org/10.1109/TIT.2022.3192506},
  doi          = {10.1109/TIT.2022.3192506},
  timestamp    = {Mon, 05 Dec 2022 13:33:57 +0100},
  biburl       = {https://dblp.org/rec/journals/tit/GhoshCYR22.bib},
  bibsource    = {dblp computer science bibliography, https://dblp.org}
}

@inproceedings{DBLP:conf/ecai/Li0TWXZ23,
  author       = {Xiaoying Li and
                  Xiaojun Chen and
                  Bisheng Tang and
                  Shaopu Wang and
                  Yuexin Xuan and
                  Zhendong Zhao},
  editor       = {Kobi Gal and
                  Ann Now{\'{e}} and
                  Grzegorz J. Nalepa and
                  Roy Fairstein and
                  Roxana Radulescu},
  title        = {Unsupervised Graph Structure-Assisted Personalized Federated Learning},
  booktitle    = {{ECAI} 2023 - 26th European Conference on Artificial Intelligence,
                  September 30 - October 4, 2023, Krak{\'{o}}w, Poland - Including
                  12th Conference on Prestigious Applications of Intelligent Systems
                  {(PAIS} 2023)},
  series       = {Frontiers in Artificial Intelligence and Applications},
  volume       = {372},
  pages        = {1430--1438},
  publisher    = {{IOS} Press},
  year         = {2023},
  url          = {https://doi.org/10.3233/FAIA230421},
  doi          = {10.3233/FAIA230421},
  timestamp    = {Sun, 12 Nov 2023 02:15:41 +0100},
  biburl       = {https://dblp.org/rec/conf/ecai/Li0TWXZ23.bib},
  bibsource    = {dblp computer science bibliography, https://dblp.org}
}

@article{DBLP:journals/jpdc/HegedusDJ21,
  author       = {Istv{\'{a}}n Heged{\"{u}}s and
                  G{\'{a}}bor Danner and
                  M{\'{a}}rk Jelasity},
  title        = {Decentralized learning works: An empirical comparison of gossip learning
                  and federated learning},
  journal      = {J. Parallel Distributed Comput.},
  volume       = {148},
  pages        = {109--124},
  year         = {2021},
  url          = {https://doi.org/10.1016/j.jpdc.2020.10.006},
  doi          = {10.1016/J.JPDC.2020.10.006},
  timestamp    = {Sat, 25 Dec 2021 15:52:26 +0100},
  biburl       = {https://dblp.org/rec/journals/jpdc/HegedusDJ21.bib},
  bibsource    = {dblp computer science bibliography, https://dblp.org}
}

@inproceedings{DBLP:conf/dsn/WinkN21,
  author       = {Tobias Wink and
                  Zolt{\'{a}}n Nochta},
  title        = {An Approach for Peer-to-Peer Federated Learning},
  booktitle    = {51st Annual {IEEE/IFIP} International Conference on Dependable Systems
                  and Networks Workshops, {DSN} Workshops 2021, Taipei, Taiwan, June
                  21-24, 2021},
  pages        = {150--157},
  publisher    = {{IEEE}},
  year         = {2021},
  url          = {https://doi.org/10.1109/DSN-W52860.2021.00034},
  doi          = {10.1109/DSN-W52860.2021.00034},
  timestamp    = {Mon, 26 Jun 2023 20:41:43 +0200},
  biburl       = {https://dblp.org/rec/conf/dsn/WinkN21.bib},
  bibsource    = {dblp computer science bibliography, https://dblp.org}
}

@article{DBLP:journals/tnn/TanYCY23,
  author       = {Alysa Ziying Tan and
                  Han Yu and
                  Lizhen Cui and
                  Qiang Yang},
  title        = {Towards Personalized Federated Learning},
  journal      = {{IEEE} Trans. Neural Networks Learn. Syst.},
  volume       = {34},
  number       = {12},
  pages        = {9587--9603},
  year         = {2023},
  url          = {https://doi.org/10.1109/TNNLS.2022.3160699},
  doi          = {10.1109/TNNLS.2022.3160699},
  timestamp    = {Sun, 31 Dec 2023 19:06:44 +0100},
  biburl       = {https://dblp.org/rec/journals/tnn/TanYCY23.bib},
  bibsource    = {dblp computer science bibliography, https://dblp.org}
}

@misc{GDPR,
title = {Regulation (EU) 2016/679 of the European Parliament and of the Council of 27 April 2016 on the protection of natural persons with regard to the processing of personal data and on the free movement of such data, and repealing Directive 95/46/EC (General Data Protection Regulation) (Text with EEA relevance)},
number = {119},
year = {2016},
month = {May},
pages = {1-88}}

@article{DBLP:journals/corr/abs-2502-08577,
  author       = {Davide Domini and
                  Gianluca Aguzzi and
                  Lukas Esterle and
                  Mirko Viroli},
  title        = {{FBFL:} {A} Field-Based Coordination Approach for Data Heterogeneity
                  in Federated Learning},
  journal      = {CoRR},
  volume       = {abs/2502.08577},
  year         = {2025},
  url          = {https://doi.org/10.48550/arXiv.2502.08577},
  doi          = {10.48550/ARXIV.2502.08577},
  eprinttype    = {arXiv},
  eprint       = {2502.08577},
  timestamp    = {Wed, 12 Mar 2025 22:48:19 +0100},
  biburl       = {https://dblp.org/rec/journals/corr/abs-2502-08577.bib},
  bibsource    = {dblp computer science bibliography, https://dblp.org}
}

@inproceedings{DBLP:conf/sac/MalucelliDAV25,
  author       = {Nicol{\`{o}} Malucelli and
                  Davide Domini and
                  Gianluca Aguzzi and
                  Mirko Viroli},
  editor       = {Jiman Hong and
                  Sebastiano Battiato and
                  Christian Esposito and
                  Juw Won Park and
                  Adam Przybylek},
  title        = {Neighbor-Based Decentralized Training Strategies for Multi-Agent Reinforcement
                  Learning},
  booktitle    = {Proceedings of the 40th {ACM/SIGAPP} Symposium on Applied Computing,
                  {SAC} 2025, Catania International Airport, Catania, Italy, 31 March
                  2025 - 4 April 2025},
  pages        = {1250--1257},
  publisher    = {{ACM}},
  year         = {2025},
  url          = {https://doi.org/10.1145/3672608.3707923},
  doi          = {10.1145/3672608.3707923},
  timestamp    = {Sat, 31 May 2025 23:11:54 +0200},
  biburl       = {https://dblp.org/rec/conf/sac/MalucelliDAV25.bib},
  bibsource    = {dblp computer science bibliography, https://dblp.org}
}

@inproceedings{DBLP:conf/coordination/AguzziBBCCDFPV25,
  author       = {Gianluca Aguzzi and
                  Lorenzo Bacchini and
                  Martina Baiardi and
                  Roberto Casadei and
                  Angela Cortecchia and
                  Davide Domini and
                  Nicolas Farabegoli and
                  Danilo Pianini and
                  Mirko Viroli},
  editor       = {Cinzia Di Giusto and
                  Ant{\'{o}}nio Ravara},
  title        = {A Demonstrator for Self-organizing Robot Teams},
  booktitle    = {Coordination Models and Languages - 27th {IFIP} {WG} 6.1 International
                  Conference, {COORDINATION} 2025, Held as Part of the 20th International
                  Federated Conference on Distributed Computing Techniques, DisCoTec
                  2025, Lille, France, June 17-19, 2025, Proceedings},
  series       = {Lecture Notes in Computer Science},
  volume       = {15731},
  pages        = {230--244},
  publisher    = {Springer},
  year         = {2025},
  url          = {https://doi.org/10.1007/978-3-031-95589-1\_12},
  doi          = {10.1007/978-3-031-95589-1\_12},
  timestamp    = {Fri, 04 Jul 2025 22:05:42 +0200},
  biburl       = {https://dblp.org/rec/conf/coordination/AguzziBBCCDFPV25.bib},
  bibsource    = {dblp computer science bibliography, https://dblp.org}
}

@article{DBLP:journals/corr/abs-2507-07613,
  author       = {Davide Domini and
                  Laura Erhan and
                  Gianluca Aguzzi and
                  Lucia Cavallaro and
                  Amirhossein Douzandeh Zenoozi and
                  Antonio Liotta and
                  Mirko Viroli},
  title        = {Sparse Self-Federated Learning for Energy Efficient Cooperative Intelligence
                  in Society 5.0},
  journal      = {CoRR},
  volume       = {abs/2507.07613},
  year         = {2025},
  url          = {https://doi.org/10.48550/arXiv.2507.07613},
  doi          = {10.48550/ARXIV.2507.07613},
  eprinttype    = {arXiv},
  eprint       = {2507.07613},
  timestamp    = {Tue, 12 Aug 2025 21:29:41 +0200},
  biburl       = {https://dblp.org/rec/journals/corr/abs-2507-07613.bib},
  bibsource    = {dblp computer science bibliography, https://dblp.org}
}

@article{DBLP:journals/sttt/WirsingJN23,
  author       = {Martin Wirsing and
                  Stefan J{\"{a}}hnichen and
                  Rocco De Nicola},
  title        = {Rigorous engineering of collective adaptive systems - 2nd special
                  section},
  journal      = {Int. J. Softw. Tools Technol. Transf.},
  volume       = {25},
  number       = {5},
  pages        = {617--624},
  year         = {2023},
  url          = {https://doi.org/10.1007/s10009-023-00734-x},
  doi          = {10.1007/S10009-023-00734-X},
  timestamp    = {Sat, 08 Jun 2024 13:16:16 +0200},
  biburl       = {https://dblp.org/rec/journals/sttt/WirsingJN23.bib},
  bibsource    = {dblp computer science bibliography, https://dblp.org}
}

@phdthesis{robyphdthesis,
  author = {Roberto Casadei},
  school = {alma},
  title = {Engineering Self-Adaptive Collective Processes for Cyber-Physical Ecosystems},
  year = {2020},
  month = {Aprile},
  keywords = {computational collective intelligence; collective processes; multi-agent systems; cyber-physical systems; self-adaptive systems; self-organisation; coordination; distributed computing; programming languages; situated systems; space-time programming; aggregate computing; edge computing},
  url = {http://amsdottorato.unibo.it/9380/}
}

@inproceedings{DBLP:conf/metacognition/Mitchell05,
  author       = {Melanie Mitchell},
  editor       = {Mike Anderson and
                  Tim Oates},
  title        = {Self-awareness and control in decentralized systems},
  booktitle    = {2005 {AAAI} Spring Symposium on Metacognition in Computation, March
                  21-23 2005, Stanford, California, {USA}},
  series       = {{AAAI} Technical Report},
  volume       = {{SS-05-04}},
  pages        = {80--85},
  publisher    = {{AAAI} Press},
  year         = {2005},
  timestamp    = {Sun, 16 Oct 2022 14:19:57 +0200},
  biburl       = {https://dblp.org/rec/conf/metacognition/Mitchell05.bib},
  bibsource    = {dblp computer science bibliography, https://dblp.org}
}

@phdthesis{DBLP:phd/ethos/Yang21a,
  author       = {Yaodong Yang},
  title        = {Many-agent reinforcement learning},
  school       = {University College London (University of London), {UK}},
  year         = {2021},
  url          = {https://ethos.bl.uk/OrderDetails.do?uin=uk.bl.ethos.830054},
  timestamp    = {Mon, 22 Apr 2024 22:00:48 +0200},
  biburl       = {https://dblp.org/rec/phd/ethos/Yang21a.bib},
  bibsource    = {dblp computer science bibliography, https://dblp.org}
}

@inproceedings{DBLP:conf/icse/IftikharRBW017,
  author       = {Muhammad Usman Iftikhar and
                  Gowri Sankar Ramachandran and
                  Pablo Bollans{\'{e}}e and
                  Danny Weyns and
                  Danny Hughes},
  title        = {DeltaIoT: {A} Self-Adaptive Internet of Things Exemplar},
  booktitle    = {12th {IEEE/ACM} International Symposium on Software Engineering for
                  Adaptive and Self-Managing Systems, SEAMS@ICSE 2017, Buenos Aires,
                  Argentina, May 22-23, 2017},
  pages        = {76--82},
  publisher    = {{IEEE} Computer Society},
  year         = {2017},
  url          = {https://doi.org/10.1109/SEAMS.2017.21},
  doi          = {10.1109/SEAMS.2017.21},
  timestamp    = {Thu, 14 Oct 2021 10:18:24 +0200},
  biburl       = {https://dblp.org/rec/conf/icse/IftikharRBW017.bib},
  bibsource    = {dblp computer science bibliography, https://dblp.org}
}

@article{DBLP:journals/tits/ChuWCL20,
  author       = {Tianshu Chu and
                  Jie Wang and
                  Lara Codec{\`{a}} and
                  Zhaojian Li},
  title        = {Multi-Agent Deep Reinforcement Learning for Large-Scale Traffic Signal
                  Control},
  journal      = {{IEEE} Trans. Intell. Transp. Syst.},
  volume       = {21},
  number       = {3},
  pages        = {1086--1095},
  year         = {2020},
  url          = {https://doi.org/10.1109/TITS.2019.2901791},
  doi          = {10.1109/TITS.2019.2901791},
  timestamp    = {Wed, 05 Aug 2020 13:47:36 +0200},
  biburl       = {https://dblp.org/rec/journals/tits/ChuWCL20.bib},
  bibsource    = {dblp computer science bibliography, https://dblp.org}
}

@incollection{DBLP:books/sp/Muller2011/ProthmannTBHMS11,
  author       = {Holger Prothmann and
                  Sven Tomforde and
                  J{\"{u}}rgen Branke and
                  J{\"{o}}rg H{\"{a}}hner and
                  Christian M{\"{u}}ller{-}Schloer and
                  Hartmut Schmeck},
  editor       = {Christian M{\"{u}}ller{-}Schloer and
                  Hartmut Schmeck and
                  Theo Ungerer},
  title        = {Organic Traffic Control},
  booktitle    = {Organic Computing - {A} Paradigm Shift for Complex Systems},
  pages        = {431--446},
  publisher    = {Springer},
  year         = {2011},
  url          = {https://doi.org/10.1007/978-3-0348-0130-0\_28},
  doi          = {10.1007/978-3-0348-0130-0\_28},
  timestamp    = {Tue, 16 May 2017 14:01:45 +0200},
  biburl       = {https://dblp.org/rec/books/sp/Muller2011/ProthmannTBHMS11.bib},
  bibsource    = {dblp computer science bibliography, https://dblp.org}
}

@article{DBLP:journals/corr/BojarskiTDFFGJM16,
  author       = {Mariusz Bojarski and
                  Davide Del Testa and
                  Daniel Dworakowski and
                  Bernhard Firner and
                  Beat Flepp and
                  Prasoon Goyal and
                  Lawrence D. Jackel and
                  Mathew Monfort and
                  Urs Muller and
                  Jiakai Zhang and
                  Xin Zhang and
                  Jake Zhao and
                  Karol Zieba},
  title        = {End to End Learning for Self-Driving Cars},
  journal      = {CoRR},
  volume       = {abs/1604.07316},
  year         = {2016},
  url          = {http://arxiv.org/abs/1604.07316},
  eprinttype    = {arXiv},
  eprint       = {1604.07316},
  timestamp    = {Mon, 13 Aug 2018 16:47:06 +0200},
  biburl       = {https://dblp.org/rec/journals/corr/BojarskiTDFFGJM16.bib},
  bibsource    = {dblp computer science bibliography, https://dblp.org}
}

@article{DBLP:journals/ijon/ZhouLLXS21,
  author       = {Wenhong Zhou and
                  Zhihong Liu and
                  Jie Li and
                  Xin Xu and
                  Lincheng Shen},
  title        = {Multi-target tracking for unmanned aerial vehicle swarms using deep
                  reinforcement learning},
  journal      = {Neurocomputing},
  volume       = {466},
  pages        = {285--297},
  year         = {2021},
  url          = {https://doi.org/10.1016/j.neucom.2021.09.044},
  doi          = {10.1016/J.NEUCOM.2021.09.044},
  timestamp    = {Fri, 09 Feb 2024 09:53:33 +0100},
  biburl       = {https://dblp.org/rec/journals/ijon/ZhouLLXS21.bib},
  bibsource    = {dblp computer science bibliography, https://dblp.org}
}

@article{DBLP:journals/jair/LyuBXDA23,
  author       = {Xueguang Lyu and
                  Andrea Baisero and
                  Yuchen Xiao and
                  Brett Daley and
                  Christopher Amato},
  title        = {On Centralized Critics in Multi-Agent Reinforcement Learning},
  journal      = {J. Artif. Intell. Res.},
  volume       = {77},
  pages        = {295--354},
  year         = {2023},
  url          = {https://doi.org/10.1613/jair.1.14386},
  doi          = {10.1613/JAIR.1.14386},
  timestamp    = {Sun, 18 Jun 2023 10:49:30 +0200},
  biburl       = {https://dblp.org/rec/journals/jair/LyuBXDA23.bib},
  bibsource    = {dblp computer science bibliography, https://dblp.org}
}

@article{DBLP:journals/swarm/PrasetyoMF19,
  author       = {Judhi Prasetyo and
                  Giulia De Masi and
                  Eliseo Ferrante},
  title        = {Collective decision making in dynamic environments},
  journal      = {Swarm Intell.},
  volume       = {13},
  number       = {3-4},
  pages        = {217--243},
  year         = {2019},
  url          = {https://doi.org/10.1007/s11721-019-00169-8},
  doi          = {10.1007/S11721-019-00169-8},
  timestamp    = {Mon, 26 Oct 2020 08:26:24 +0100},
  biburl       = {https://dblp.org/rec/journals/swarm/PrasetyoMF19.bib},
  bibsource    = {dblp computer science bibliography, https://dblp.org}
}

@inproceedings{DBLP:conf/uai/HeDB22,
  author       = {Keyang He and
                  Prashant Doshi and
                  Bikramjit Banerjee},
  editor       = {James Cussens and
                  Kun Zhang},
  title        = {Reinforcement learning in many-agent settings under partial observability},
  booktitle    = {Uncertainty in Artificial Intelligence, Proceedings of the Thirty-Eighth
                  Conference on Uncertainty in Artificial Intelligence, {UAI} 2022,
                  1-5 August 2022, Eindhoven, The Netherlands},
  series       = {Proceedings of Machine Learning Research},
  volume       = {180},
  pages        = {780--789},
  publisher    = {{PMLR}},
  year         = {2022},
  url          = {https://proceedings.mlr.press/v180/he22a.html},
  timestamp    = {Sat, 15 Oct 2022 12:08:13 +0200},
  biburl       = {https://dblp.org/rec/conf/uai/HeDB22.bib},
  bibsource    = {dblp computer science bibliography, https://dblp.org}
}

@article{DBLP:journals/fgcs/MaZLCQ22,
  author       = {Xiaodong Ma and
                  Jia Zhu and
                  Zhihao Lin and
                  Shanxuan Chen and
                  Yangjie Qin},
  title        = {A state-of-the-art survey on solving non-IID data in Federated Learning},
  journal      = {Future Gener. Comput. Syst.},
  volume       = {135},
  pages        = {244--258},
  year         = {2022},
  url          = {https://doi.org/10.1016/j.future.2022.05.003},
  doi          = {10.1016/J.FUTURE.2022.05.003},
  timestamp    = {Wed, 15 Nov 2023 14:10:22 +0100},
  biburl       = {https://dblp.org/rec/journals/fgcs/MaZLCQ22.bib},
  bibsource    = {dblp computer science bibliography, https://dblp.org}
}

@article{DBLP:journals/ijon/ZhuXLJ21,
  author       = {Hangyu Zhu and
                  Jinjin Xu and
                  Shiqing Liu and
                  Yaochu Jin},
  title        = {Federated learning on non-IID data: {A} survey},
  journal      = {Neurocomputing},
  volume       = {465},
  pages        = {371--390},
  year         = {2021},
  url          = {https://doi.org/10.1016/j.neucom.2021.07.098},
  doi          = {10.1016/J.NEUCOM.2021.07.098},
  timestamp    = {Sun, 12 Nov 2023 02:17:43 +0100},
  biburl       = {https://dblp.org/rec/journals/ijon/ZhuXLJ21.bib},
  bibsource    = {dblp computer science bibliography, https://dblp.org}
}

@article{DBLP:journals/corr/abs-2503-20618,
  author       = {Davide Domini and
                  Gianluca Aguzzi and
                  Mirko Viroli},
  title        = {ProFed: a Benchmark for Proximity-based non-IID Federated Learning},
  journal      = {CoRR},
  volume       = {abs/2503.20618},
  year         = {2025},
  url          = {https://doi.org/10.48550/arXiv.2503.20618},
  doi          = {10.48550/ARXIV.2503.20618},
  eprinttype    = {arXiv},
  eprint       = {2503.20618},
  timestamp    = {Sat, 19 Apr 2025 10:31:54 +0200},
  biburl       = {https://dblp.org/rec/journals/corr/abs-2503-20618.bib},
  bibsource    = {dblp computer science bibliography, https://dblp.org}
}